@article    {Abert2013,
author    = {Abert, C. and Exl, L. and Bruckner, F. and Drews, A. and Suess, D.},
title     = {magnum.fe: {A} micromagnetic finite-element simulation code based on {FE}ni{CS}},
journal   = {J. Magn. Magn. Mater.},
volume    = {345},
pages     = {29--35},
year      = {2013},
DOI       = {10.1016/j.jmmm.2013.05.051},
url       = {https://doi.org/10.1016/j.jmmm.2013.05.051},
}

@article    {Abubakar2015,
author    = {Abubakar, R. and Muxworthy, A. R. and Sephton, M. A. and Southern, P. and Watson, J. S. and Fraser, A. J and Almeida, T. P.},
title     = {Formation of magnetic minerals in hydrocarbon-generation conditions},
journal   = {Mar. Petrol. Geol.},
volume    = {68},
year      = {2015},
pages     = {509--519},
DOI       = {10.1016/j.marpetgeo.2015.10.003},
url       = {https://dx.doi.org/10.1016/j.marpetgeo.2015.10.003},
//publisher = {Elsevier},
}

@article    {Aharoni1986,
title     = {Cylindrical magnetic domains in small ferromagnetic spheres with uniaxial anisotropy},
author    = {Aharoni, A. and Jakubovics, J. P.},
journal   = {Phil. Mag. B},
volume    = {53},
number    = {2},
pages     = {133--145},
year      = {1986},
DOI       = {10.1080/13642818608238980},
url       = {https://dx.doi.org/10.1080/13642818608238980},
//publisher = {Taylor \& Francis},
}

@article    {Almeida2014,
title     = {Observing thermomagnetic stability of nonideal magnetite particles: good paleomagnetic recorders?},
author    = {Almeida, T. P. and Kasama, T. and Muxworthy, A. R. and Williams, W. and Nagy, L. and Dunin-Borkowski, R. E.},
journal   = {Geophys. Res. Lett.},
volume    = {41},
number    = {20},
pages     = {7041--7047},
year      = {2014},
DOI       = {10.1002/2014GL061432},
url       = {https://dx.doi.org/10.1002/2014GL061432},
//publisher={American Geophysical Union}
}

@article    {Acton2007,
title     = {Micromagnetic coercivity distributions and interactions in chondrules with implications for paleointensities of the early solar system},
author    = {Acton, G. and Yin, Q. Z. and Verosub, K. L. and Jovane, L. and Roth, A. and Jacobsen, B. and Ebel, D. S.},
journal   = {J. Geophys. Res.},
volume    = {112},
number    = {B3},
year      = {2007},
DOI       = {10.1029/2006JB004655},
url       = {https://dx.doi.org/10.1029/2006JB004655},
//publisher = {Wiley Online Library},
}

@article    {Aldana1999,
author    = {Aldana, M. and Constanzo-Alvarez, V. and Vitiello, D. and Colmenares, L. and G\'{o}mez, G.},
title     = {Framboidal magnetic minerals and their possible association to hydrocarbons: {L}a {V}ictoria oil field, southwestern {V}enezuela},
journal   = {Geof\'{i}s. Int.},
volume    = {38},
number    = {3},
pages     = {137--152},
year      = {1999},
}

@article    {Alnaes2015,
author    = {Aln{\ae}s, M. and Blechta, J. and Hake, J. and Johansson, A. and Kehlet, B. and Logg, A. and Richardson, C. and Ring, J. and Rognes, M. E. and Wells, G. N.},
title     = {The {FE}ni{CS} Project Version 1.5},
journal   = {Archive of Numerical Software},
volume    = {3},
number    = {100},
year      = {2015},
pages     = {9--23},
DOI       = {10.11588/ans.2015.100.20553},
url       = {https://dx.doi.org/10.11588/ans.2015.100.20553},
}

@article    {Ariztegui1996,
title     = {Magnetic investigations of framboidal greigite formation: a record of anthropogenic environmental changes in eutrophic {L}ake {S}t. {M}oritz, {S}witzerland},
author    = {Ariztegui, D. and Dobson, J.},
journal   = {Holocene},
volume    = {6},
number    = {2},
pages     = {235--241},
year      = {1996},
DOI       = {10.1177/095968369600600209},
url       = {https://dx.doi.org/10.1177/095968369600600209},
//publisher = {Sage Publications Sage CA: Thousand Oaks, CA}
}

@article    {Armijo1966,
title     = {Minimization of functions having {L}ipschitz continuous first partial derivatives},
author    = {Armijo, L.},
journal   = {Pac. J. Math.},
volume    = {16},
number    = {1},
pages     = {1--3},
year      = {1966},
DOI       = {10.2140/pjm.1966.16.1},
url       = {https://dx.doi.org/10.2140/pjm.1966.16.1},
//publisher = {Mathematical Sciences Publishers},
}

@book       {Anders,
author    = {Logg, A. and Mardal, K. A. and Wells, G. N.},
title     = {Automated solutions of differential equations by the finite element method},
publisher = {Springer},
address   = {Berlin},
year      = {2012},
}

@inproceedings{Astafieva2004,
title       = {Framboidal structures in Earth rocks and in astromaterials},
author      = {Astafieva, M. M. and Rozanov, A. Y. and Hoover, R. B.},
booktitle   = {Instruments, Methods, and Missions for Astrobiology VII},
volume      = {5163},
pages       = {36--48},
year        = {2004},
organization= {International Society for Optics and Photonics},
DOI         = {10.1117/12.513434},
url         = {https://dx.doi.org/10.1117/12.513434},
}

@article    {Babinszki2007,
author    = {Babinszki, E. and M{\'a}rton, E. and M{\'a}rton, P. and Kiss, L. F.},
title     = {Widespread occurrence of greigite in the sediments of {L}ake {P}annon: {I}mplications for environment and magnetostratigraphy},
journal   = {Palaeogeogr. Palaeocl.},
volume    = {252},
number    = {3},
year      = {2007},
pages     = {626--636},
DOI       = {10.1016/j.palaeo.2007.06.001},
url       = {https://dx.doi.org/10.1016/j.palaeo.2007.06.001},
//publisher = {Elsevier},
}

@article    {Bazylinski1995,
author    = {Bazylinski, D. A. and Frankel, R. B. and Heywood, B. R. and Mann, S. and King, J. W. and Donaghay, P. L. and Hanson, A. K.},
title     = {Controlled biomineralization of magnetite ($\text{Fe}_\text{3}\text{O}_\text{4}$) and greigite ($\text{Fe}_\text{3}\text{S}_\text{4}$) in a magnetotactic bacterium},
journal   = {Appl. Environ. Microb.},
volume    = {61},
number    = {9},
pages     = {3232--3239},
year      = {1995},
}

@article    {Berner1984,
author    = {Berner, R. A.},
title     = {Sedimentary pyrite formation: {A}n update},
journal   = {Geochim. Cosmochim. Ac.},
volume    = {48},
number    = {4},
year      = {1984},
pages     = {605--615},
DOI       = {10.1016/0016-7037(84)90089-9},
url       = {https://dx.doi.org/10.1016/0016-7037(84)90089-9},
//publisher = {Elsevier},
}

@article    {Berkov1998,
author    = {Berkov, D. V.},
title     = {Numerical calculation of the energy barrier distribution in disordered many-particle systems: {T}he path integral method},
journal   = {J. Magn. Magn. Mater.},
volume    = {186},
number    = {1},
year      = {1998},
pages     = {199--213},
DOI       = {10.1016/S0304-8853(98)00078-X},
url       = {https://dx.doi.org/10.1016/S0304-8853(98)00078-X},
//publisher = {Elsevier},
}

@article    {Biasi2016,
title     = {Quantitative study of {FORC} diagrams in thermally corrected {Stoner--Wohlfarth} nanoparticles systems},
author    = {De Biasi, E. and Curiale, J. and Zysler, R. D.},
journal   = {J. Magn. Magn. Mater.},
volume    = {419},
pages     = {580--587},
year      = {2016},
DOI       = {10.1016/j.jmmm.2016.06.075},
url       = {https://dx.doi.org/10.1016/j.jmmm.2016.06.075},
//publisher={Elsevier},
}

@book       {Brown,
author    = {Brown, W. F.},
title     = {Micromagnetics},
publisher = {Interscience},
address   = {New York},
year      = {1963},
}

@article    {Brown1940,
title     = {Theory of the approach to magnetic saturation},
author    = {Brown, W. F.},
journal   = {Phys. Rev.},
volume    = {58},
number    = {8},
pages     = {736},
year      = {1940},
DOI       = {10.1103/PhysRev.58.736},
url       = {https://dx.doi.org/10.1103/PhysRev.58.736},
//publisher = {APS},
}

@article    {Brown1965,
title     = {Structure and energy of one-dimensional domain walls in ferromagnetic thin films},
author    = {Brown, W. F. and LaBonte, A. E.},
journal   = {J. Appl. Phys.},
volume    = {36},
number    = {4},
pages     = {1380--1386},
year      = {1965},
DOI       = {10.1063/1.1714314},
url       = {https://dx.doi.org/10.1063/1.1714314},
//publisher = {AIP},
}

@article    {Brunotte1992,
author    = {Brunotte, X. and Meunier, G. and Imhoff, J. F.},
title     = {Finite element modeling of unbounded problems using transformations: a rigorous, powerful and easy solution},
journal   = {IEEE T. Magn.},
volume    = {28},
number    = {2},
pages     = {1663--1666},
year      = {1992},
DOI       = {10.1109/20.124021},
url       = {https://dx.doi.org/10.1109/20.124021},
}

@inproceedings {Burton1993,
author       = {Burton, E. A. and Machel, H. G. and Qi, J.},
title        = {Thermodynamics constraints on anomalous magnetization in shallow and deep hydrocarbon seepage environments},
booktitle    = {Applications of Paleomagnetism to Sedimentary Geology},
editor       = {A{\"i}ssaoui, D. M. and McNeill, D. F. and Hurley, N. F.},
series       = {SEPM Special Publication},
number       = {49},
pages        = {167--179},
address	     = {Tulsa, Oklahoma, U.S.A.},
organization = {SEPM (Society for Sedimentary Geology)},
publisher    = {SEPM (Society for Sedimentary Geology)},
year         = {1993},
month        = {September},
}

@article       {Carlson1975,
title        = {Lodestone compass: {C}hinese or {O}lmec primacy?},
author       = {Carlson, J. B.},
journal      = {Science},
volume       = {189},
number       = {4205},
pages        = {753--760},
year         = {1975},
DOI = {10.1126/science.189.4205.753},
url = {https://dx.doi.org/10.1126/science.189.4205.753},
//publisher = {American Association for the Advancement of Science},
}

@article    {Carvallo2003,
title     = {Micromagnetic modeling of first-order reversal curve ({FORC}) diagrams for single-domain and pseudo-single-domain magnetite},
author    = {Carvallo, Claire and Muxworthy, Adrian R. and Dunlop, David J. and Williams, Wyn},
journal   = {Earth Planet. Sci. Lett.},
volume    = {213},
number    = {3},
pages     = {375--390},
year      = {2003},
DOI       = {10.1016/S0012-821X(03)00320-0},
url       = {https://dx.doi.org/10.1016/S0012-821X(03)00320-0},
//publisher = {Elsevier},
}

@article    {Carvallo2006,
title     = {First-order reversal curve ({FORC}) diagrams of magnetic mixtures: {M}icromagnetic models and measurements},
author    = {Carvallo, Claire and Muxworthy, Adrian R. and Dunlop, David J.},
journal   = {Phys. Earth Planet. In.},
volume    = {154},
number    = {3},
pages     = {308--322},
year      = {2006},
DOI       = {10.1016/j.pepi.2005.06.017},
url       = {https://dx.doi.org/10.1016/j.pepi.2005.06.017},
//publisher = {Elsevier},
}

@article    {Carvallo2006B,
title     = {Low-temperature first-order reversal curve ({FORC}) diagrams for synthetic and natural samples},
author    = {Carvallo, Claire and Muxworthy, Adrian},
journal   = {Geochem. Geophys. Geosyst.},
volume    = {7},
number    = {9},
year      = {2006},
DOI       = {10.1029/2006GC001299},
url       = {https://dx.doi.org/10.1029/2006GC001299},
//publisher = {Wiley Online Library},
}

@phdthesis  {Chang,
author    = {Chang, L.},
title     = {Fundamental magnetic properties of {G}reigite ($\text{Fe}_\text{3}\text{S}_\text{4}$)},
school    = {University of Southampton},
year      = {2009},
}

@article    {Chang2008,
author    = {Chang, L. and Roberts, A. P. and Tang, Y. and Rainford, B. D. and Muxworthy, A. R. and Chen, Q.},
title     = {Fundamental magnetic parameters from pure synthetic greigite ($\text{Fe}_\text{3}\text{S}_\text{4}$)},
journal   = {J. Geophys. Res.},
volume    = {113},
number    = {B6},
year      = {2008},
DOI       = {10.1029/2007JB005502},
url       = {https://dx.doi.org/10.1029/2007JB005502},
//publisher = {American Geophysical Union},
}

@article    {Chang2009,
author    = {Chang, L. and Rainford, B. D. and Stewart, J. R. and Ritter, C. and Roberts, A. P. and Tang, Y. and Chen, Q.},
title     = {Magnetic structure of greigite ($\text{Fe}_\text{3}\text{S}_\text{4}$) probed by neutron powder diffraction and polarized neutron diffraction},
journal   = {J. Geophys. Res.},
volume    = {114},
number    = {B7},
year      = {2009},
DOI       = {10.1029/2008JB006260},
url       = {https://dx.doi.org/10.1029/2008JB006260},
//publisher = {American Geophysical Union},
}

@article    {Chen2007,
title     = {First-order reversal curve ({FORC}) diagrams of natural and cultured biogenic magnetic particles},
author    = {Chen, Amy P. and Egli, Ramon and Moskowitz, Bruce M.},
journal   = {J. Geophys. Res.},
volume    = {112},
number    = {B8},
year      = {2007},
DOI       = {10.1029/2006JB004575},
url       = {https://dx.doi.org/10.1029/2006JB004575},
//publisher={Wiley Online Library},
}

@article    {Costanzo2006,
author    = {Costanzo-Alvarez, V. and Aldana, M. and D\'{i}az, M. and Bayona, G. and Ayala, C.},
title     = {Hydrocarbon-induced magnetic contrasts in some {V}enezuelan and {C}olombian oil wells},
journal   = {Earth Planets Space},
volume    = {58},
pages     = {1401--1410},
year      = {2006},
DOI       = {10.1186/BF03352636},
url       = {https://dx.doi.org/10.1186/BF03352636},
}

@article    {Costanzo2012,
author    = {Costanzo-Alvarez, V. and Aldana, M. and Bayona, G. and L{\'o}pez-Rodr{\'i}guez, D. and Blanco, J. M.},
title     = {Rock magnetic characterization of early and late diagenesis in a stratigraphic well from the {L}lanos foreland basin ({E}astern {C}olombia)},
journal   = {Geol. Soc. Spec. Publ.},
volume    = {371},
pages     = {199--216},
year      = {2012},
DOI       = {10.1144/SP371.13},
url       = {https://dx.doi.org/10.1144/SP371.13},
}

@article    {Day1977,
title     = {Hysteresis properties of titanomagnetites: {G}rain-size and compositional dependence},
author    = {Day, R. and Fuller, M. and Schmidt, V. A.},
journal   = {Phys. Earth Planet. In.},
volume    = {13},
number    = {4},
pages     = {260--267},
year      = {1977},
doi       = {10.1016/0031-9201(77)90108-X},
url       = {https://dx.doi.org/10.1016/0031-9201(77)90108-X},
//publisher = {Elsevier},
}

@article    {Diaz2000,
author    = {D\'{i}az, M. and Aldana, M. and Constanzo-Alvarez, V. and Silva, P. and P\'{e}rez, A.},
title     = {E{PR} and magnetic susceptibility studies in well samples from some {V}enezuelan oil fields},
journal   = {Phys. Chem. Earth Pt. A},
volume    = {25},
number    = {5},
pages     = {447--453},
year      = {2000},
DOI       = {10.1016/S1464-1895(00)00069-7},
url       = {https://dx.doi.org/10.1016/S1464-1895(00)00069-7},
}

@article    {Diaz-Ricci1992,
author    = {Diaz-Ricci, J. C. and Kirschvink, J. L.},
title     = {Magnetic domain state and coercivity predictions for biogenic greigite ($\text{Fe}_\text{3}\text{S}_\text{4}$): {A} comparison of theory with magnetosome observations},
journal   = {J. Geophys. Res.},
volume    = {97},
number    = {B12},
year      = {1992},
pages     = {17309–17315},
DOI       = {10.1029/92JB01290},
url       = {https://dx.doi.org/10.1029/92JB01290},
//publisher = {American Geophysical Union},
}

@article    {Dittrich2002,
author    = {Dittrich, R. and Schrefl, T. and Suess, D. and Scholz, W. and Forster, H. and Fidler, J.},
title     = {A path method for finding energy barriers and minimum energy paths in complex micromagnetic systems},
journal   = {J. Magn. Magn. Mater.},
volume    = {250},
year      = {2002},
pages     = {12--19},
DOI       = {10.1016/S0304-8853(02)00388-8},
url       = {https://dx.doi.org/10.1016/S0304-8853(02)00388-8},
//number    = {},
//publisher = {Elsevier},
}

@article    {Donovan1979,
author    = {Donovan, T. J. and Forgey, R. L. and Roberts, A. A.},
title     = {Aeromagnetic detection of diagenetic magnetite over oil fields},
journal   = {AAPG Bull.},
volume    = {63},
number    = {2},
pages     = {245--248},
year      = {1979},
DOI       = {10.1190/1.1443076},
url       = {https://dx.doi.org/10.1190/1.1443076},
}

@article    {Donovan1984,
author    = {Donovan, T. J. and Hendricks, J. D. and Roberts, A. A. and Eliason, P. T.},
title     = {Low-altitude aeromagnetic reconnaissance for petroleum in the {A}rctic {N}ational {W}ildlife {R}efuge, {A}laska},
journal   = {Geophysics},
volume    = {49},
number    = {8},
pages     = {1338--1353},
year      = {1984},
DOI       = {10.1190/1.1441760},
url       = {https://dx.doi.org/10.1190/1.1441760},
//publisher = {Society of Exploration Geophysicists},
}

@article    {Dumas2007,
title     = {Magnetic fingerprints of sub-100 nm {Fe} dots},
author    = {Dumas, R. K. and Li, C. P. and Roshchin, I. V. and Schuller, I. K. and Liu, K.},
journal   = {Phys. Rev. B},
volume    = {75},
number    = {13},
pages     = {134405},
year      = {2007},
DOI       = {10.1103/PhysRevB.75.134405},
url       = {https://dx.doi.org/10.1103/PhysRevB.75.134405},
//publisher = {APS},
}

@book       {Dunlop,
author    = {Dunlop, D. J. and {\"O}zdemir, {\"O}.},
title     = {Rock magnetism},
publisher = {Cambridge University Press},
address   = {Cambridge},
year      = {1997},
}

@inproceedings {Elmore1993,
author       = {Elmore, R. D. and Imbus, S. W. and Engel, M. H. and Fruit, D.},
title        = {Hydrocarbons and magnetizations in magnetite},
booktitle    = {Applications of Paleomagnetism to Sedimentary Geology},
editor       = {A{\"i}ssaoui, D. M. and McNeill, D. F. and Hurley, N. F.},
series       = {SEPM Special Publication},
number       = {49},
pages        = {167--179},
address	     = {Tulsa, Oklahoma, U.S.A.},
organization = {SEPM (Society for Sedimentary Geology)},
publisher    = {SEPM (Society for Sedimentary Geology)},
year         = {1993},
month        = {September},
}

@article    {Egli2010,
title     = {Detection of noninteracting single domain particles using first-order reversal curve diagrams},
author    = {Egli, R. and Chen, A. P. and Winklhofer, M. and Kodama, K. P. and Horng, C.},
journal   = {Geochem. Geophys. Geosyst.},
volume    = {11},
number    = {1},
year      = {2010},
DOI       = {10.1029/2009GC002916},
url       = {https://dx.doi.org/10.1029/2009GC002916},
//publisher = {Wiley Online Library},
}

@article    {Egli2014,
title     = {Recent developments on processing and interpretation aspects of first-order reversal curves ({FORC})},
author    = {Egli, R. and Winklhofer, M.},
journal   = {Proc. Kazan U. Nat. Sc.},
volume    = {156},
number    = {1},
year      = {2014},
//publisher = {Федеральное государственное автономное образовательное учреждение высшего образования {\guillemotleft}Казанский (Приволжский) федеральный университет{\guillemotright}},
}

@article    {Einsle2016,
title     = {Multi-scale three-dimensional characterization of iron particles in dusty olivine: {I}mplications for paleomagnetism of chondritic meteorites},
author    = {Einsle, J. F. and Harrison, R. J. and Kasama, T. and \'O Conbhu\'i, P. and Fabian, K. and Williams, W. and Woodland, L. and Fu, R. R. and Weiss, B. P. and Midgley, P. A.},
journal   = {Am. Mineral.},
volume    = {101},
number    = {9},
pages     = {2070--2084},
year      = {2016},
DOI       = {10.2138/am-2016-5738CCBY},
url       = {https://dx.doi.org/10.2138/am-2016-5738CCBY},
}

@phdthesis  {Emmerton,
author    = {Emmerton, S. A.},
title     = {Investigating the relationship between magnetisation and oil geochemistry},
school    = {Imperial College London},
year      = {2013},
}

@article    {Emmerton2013,
title     = {Correlating biodegradation to magnetization in oil bearing sedimentary rocks},
author    = {Emmerton, S. and Muxworthy, A. R. and Sephton, M. A. and Aldana, M. and Costanzo-Alvarez, V. and Bayona, G. and Williams, W.},
journal   = {Geochim. Cosmochim. Ac.},
volume    = {112},
pages     = {146--165},
year      = {2013},
DOI       = {10.1016/j.gca.2013.03.008},
url       = {https://dx.doi.org/10.1016/j.gca.2013.03.008},
//publisher = {Elsevier}
}

@article    {Emmerton2013B,
title     = {A magnetic solution to the Mupe Bay mystery},
author    = {Emmerton, S. and Muxworthy, A. R. and Sephton, M. A.},
journal   = {Mar. Petrol. Geol.},
volume    = {46},
pages     = {165--172},
year      = {2013},
DOI       = {10.1016/j.marpetgeo.2013.06.014},
url       = {https://dx.doi.org/10.1016/j.marpetgeo.2013.06.014},
//publisher = {Elsevier}
}

@article    {Enkin1987,
title     = {A micromagnetic study of pseudo single-domain remanence in magnetite},
author    = {Enkin, R. J. and Dunlop, D. J.},
journal   = {J. Geophys. Res.},
volume    = {92},
number    = {B12},
pages     = {12726--12740},
year      = {1987},
DOI       = {10.1029/JB092iB12p12726},
url       = {https://dx.doi.org/10.1029/JB092iB12p12726},
//publisher = {Wiley Online Library},
}

@article    {Enkin1994,
title     = {Three-dimensional micromagnetic analysis of stability in fine magnetic grains},
author    = {Enkin, R. J. and Williams, W.},
journal   = {J. Geophys. Res.},
volume    = {99},
number    = {B1},
year      = {1994},
pages     = {611--618},
DOI       = {10.1029/93JB02637},
url       = {https://dx.doi.org/10.1029/93JB02637},
//publisher = {American Geophysical Union},
}

@book       {Evans,
author    = {Evans, M. E. and Heller, F.},
title     = {Environmental magnetism},
publisher = {Academic Press},
address   = {Amsterdam},
year      = {2003},
}

@article    {Evans2006,
title     = {Magnetostatic interactions a natural magnetite-ulv{\:o}spinel system},
author    = {Evans, M. E. and Kr{\'a}sa, D. and Williams, W. and Winklhofer, M.},
journal   = {J. Geophys. Res.},
volume    = {111},
number    = {B1 2},
year      = {2006},
DOI       = {10.1029/2006JB004454},
url       = {https://dx.doi.org/10.1029/2006JB004454},
//pages     = {},
//publisher = {American Geophysical Union},
}

@article    {Evans1977,
title     = {Magnetism and archaeology: Magnetic oxides in the first American civilization},
author    = {Evans, BJ},
journal   = {Physica B {\&} C},
volume    = {86},
pages     = {1091--1099},
year      = {1977},
DOI       = {10.1016/0378-4363(77)90804-X},
url       = {https://dx.doi.org/10.1016/0378-4363(77)90804-X},
//publisher = {Elsevier},
}


@article    {Fabian1996,
author    = {Fabian, K. and Kirchner, A. and Williams, W. and Heider, F. and Leibl, T. and Huber, A.},
title     = {Three-dimensional micromagnetic calculations for magnetite using {FFT}},
journal   = {Geophys. J. Int.},
volume    = {124},
pages     = {89--104},
number    = {1},
year      = {1996},
DOI       = {10.1111/j.1365-246X.1996.tb06354.x},
url       = {https://dx.doi.org/10.1111/j.1365-246X.1996.tb06354.x},
}

@misc       {Fabian2017,
title     = {Energy barriers in three-dimensional micromagnetic models and the physics of thermo-viscous magnetization in multidomain particles},
author    = {Fabian, K. and Shcherbakov, V. P.},
note      = {{a}rXiv:1702.00070 [physics.geo-ph]},
year      = {2017},
url       = {https://arxiv.org/abs/1702.00070},
//volume    = {},
//pages     = {},
//DOI       = {},
//number    = {},
//publisher = {},
}

@book       {Feynman,
author    = {Feynman, R. P. and Leighton, R. B. and Sands, M. L.},
title     = {The {F}eynman lectures on physics},
publisher = {Addison-Wesley},
address   = {Reading, Massachusetts, USA},
year      = {1964},
}

@article    {Fischbacher2017,
title     = {Nonlinear conjugate gradient methods in micromagnetics},
author    = {Fischbacher, J. and Kovacs, A. and Oezelt, H. and Schrefl, T. and Exl, L. and Fidler, J. and Suess, D. and Sakuma, N. and Yano, M. and Kato, A. and Shoji, T. and Manabe, A.},
journal   = {AIP Adv.},
volume    = {7},
number    = {4},
year      = {2017},
pages     = {045310},
DOI       = {10.1063/1.4981902},
url       = {https://dx.doi.org/10.1063/1.4981902},
//publisher = {American Institute of Physics},
}

@article    {Fredkin1987,
title     = {Numerical micromagnetics by the finite element method},
author    = {Fredkin, D. and Koehler, T.},
journal   = {IEEE Trans. Magn.},
volume    = {23},
number    = {5},
pages     = {3385--3387},
year      = {1987},
DOI       = {10.1109/TMAG.1987.1065578},
url       = {https://dx.doi.org/10.1109/TMAG.1987.1065578},
//publisher = {IEEE},
}

@article    {Fredkin1990,
title     = {Hybrid method for computing demagnetizing fields},
author    = {Fredkin, D. R. and Koehler, T. R.},
journal   = {IEEE T. Magn.},
volume    = {26},
number    = {2},
pages     = {415--417},
year      = {1990},
DOI       = {10.1109/20.106342},
url       = {https://dx.doi.org/10.1109/20.106342},
//publisher={IEEE},
}

@article    {Gilbert2004,
title     = {A phenomenological theory of damping in ferromagnetic materials},
author    = {Gilbert, T. L.},
journal   = {IEEE T. Magn.},
volume    = {6},
year      = {2004},
pages     = {3443--3449},
DOI       = {10.1109/TMAG.2004.836740},
url       = {https://dx.doi.org/10.1109/TMAG.2004.836740},
//publisher = {IEEE},
}

@article    {Gonzalez2002,
author    = {Gonz\'{a}lez, F. and Aldana, M. and Constanzo-Alvarez, V. and D\'{i}az, M. and Romero, I.},
title     = {An integrated rock magnetic and {EPR} study in soil samples from a hydrocarbon prospective area},
journal   = {Phys. Chem. Earth},
volume    = {27},
number    = {25},
pages     = {1311--1317},
year      = {2002},
DOI       = {10.1016/S1474-7065(02)00125-0},
url       = {https://dx.doi.org/10.1016/S1474-7065(02)00125-0},
}

@article    {Graham1958,
title     = {Magnetocrystalline anisotropy constants of iron at room temperature and below},
author    = {Graham Jr., C. D.},
journal   = {Phys. Rev.},
volume    = {112},
number    = {4},
pages     = {1117},
year      = {1958},
DOI       = {10.1103/PhysRev.112.1117},
url       = {https://dx.doi.org/10.1103/PhysRev.112.1117},
//publisher={APS},
}

@article    {Guzman2011,
author    = {Guzm\'{a}n, O. and Costanzo-Alvarez, V. and Aldana, M. and D\'{i}az, M.},
title     = {Study of magnetic constrasts applied to hydrocarbon exploration in the {M}atur\'{i}n sub-basin (eastern {V}enezuela)},
journal   = {Stud. Geophys. Geod.},
volume    = {55},
number    = {2},
pages     = {359--376},
year      = {2011},
DOI       = {10.1007/s11200-011-0020-7},
url       = {https://dx.doi.org/10.1007/s11200-011-0020-7},
}

@article    {Harrison2002,
title     = {Direct imaging of nanoscale magnetic interactions in minerals},
author    = {Harrison, R. J. and Dunin-Borkowski, R. E. and Putnis, A.},
journal   = {P. Natl. Acad. Sci. USA},
volume    = {99},
number    = {26},
pages     = {16556--16561},
year      = {2002},
DOI       = {10.1073/pnas.262514499 },
url       = {https://dx.doi.org/10.1073/pnas.262514499},
//publisher = {United States National Academy of Sciences},
}

@article    {Harrison2014,
title     = {FORCulator: A micromagnetic tool for simulating first-order reversal curve diagrams},
author    = {Harrison, R. J. and Lascu, I.},
journal   = {Geochem. Geophys. Geosyst.},
volume    = {15},
number    = {12},
pages     = {4671--4691},
year      = {2014},
DOI       = {10.1002/2014GC005582},
url       = {https://dx.doi.org/10.1002/2014GC005582},
//publisher = {Wiley Online Library},
}

@article    {Heisenberg1926,
title     = {Mehrk{\"o}rperproblem und Resonanz in der Quantenmechanik},
author    = {Heisenberg, W.},
journal   = {Zeitschrift f{\"u}r Physik A Hadrons and Nuclei},
volume    = {38},
number    = {6},
pages     = {411--426},
year      = {1926},
DOI       = {10.1007/BF01397160},
url       = {https://dx.doi.org/10.1007/BF01397160},
//publisher = {Springer},
}

@article    {Heslop2014,
title     = {Characterizing magnetofossils from first-order reversal curve ({FORC}) central ridge signatures},
author    = {Heslop, D. and Roberts, A. P. and Chang, L.},
journal   = {Geochemistry, Geophysics, Geosystems},
volume    = {15},
number    = {6},
pages     = {2170--2179},
year      = {2014},
DOI       = {10.1002/2014GC005291},
url       = {https://dx.doi.org/10.1002/2014GC005291},
//publisher={Wiley Online Library},
}

@article    {Hunger2007,
title     = {Greigite: a true intermediate on the polysulfide pathway to pyrite},
author    = {Hunger, S. and Benning, L. G.},
journal   = {Geochem. T.},
volume    = {8},
number    = {1},
year      = {2007},
pages     = {605--615},
DOI       = {10.1186/1467-4866-8-1},
url       = {https://dx.doi.org/10.1186/1467-4866-8-1},
//publisher = {Springer International Publishing},
}

@article    {Imhoff1990,
title     = {An original solution for unbounded electromagnetic 2{D}- and 3{D}-problems throughout the finite element method},
author    = {Imhoff, J. F. and Meunler, G. and Brunotte, X. and Sabonnadi{\`e}re, J. C.},
journal   = {IEEE T. Magn.},
volume    = {26},
number    = {5},
pages     = {1659--1661},
year      = {1990},
DOI       = {10.1109/20.104482},
url       = {https://dx.doi.org/10.1109/20.104482},
//publisher = {IEEE},
}

@article    {Kimura2013,
title     = {Vortex magnetic structure in framboidal magnetite reveals existence of water droplets in an ancient asteroid},
author    = {Kimura, Y. and Sato, T. and Nakamura, N. and Nozawa, J. and Nakamura, T. and Tsukamoto, K. and Yamamoto, K.},
journal   = {Nat. Commun.},
volume    = {4},
pages     = {2649},
year      = {2013},
DOI       = {10.1038/ncomms3649},
url       = {https://dx.doi.org/10.1038/ncomms3649},
//publisher = {Nature Publishing Group}
}

@article    {Kittel1949,
title     = {Physical theory of ferromagnetic domains},
author    = {Kittel, C.},
journal   = {Rev. Mod. Phys.},
volume    = {21},
number    = {4},
pages     = {541},
year      = {1949},
DOI       = {10.1103/RevModPhys.21.541},
url       = {https://dx.doi.org/10.1103/RevModPhys.21.541},
//publisher = {APS},
}

@article    {Koenigsberger1938,
title     = {Natural residual magnetism of eruptive rocks},
author    = {Koenigsberger, Johann Georg},
journal   = {J. Geophys. Res.},
volume    = {43},
number    = {3},
pages     = {299--320},
year      = {1938},
DOI       = {10.1029/TE043i003p00299},
url       = {https://dx.doi.org/10.1029/TE043i003p00299},
//publisher={Wiley Online Library},
}

@article    {Krasa2011,
title     = {Room- and low-temperature magnetic properties of {2-D} magnetite particle arrays},
author    = {Kr{\'a}sa, D. and Muxworthy, A. R. and Williams, W.},
journal   = {Geophys. J. Int.},
volume    = {185},
number    = {1},
pages     = {167--180},
year      = {2011},
DOI       = {10.1111/j.1365-246X.2011.04956.x},
url       = {https://dx.doi.org/10.1111/j.1365-246X.2011.04956.x},
//publisher = {Oxford University Press},
}

@book       {Kronmuller,
author    = {Kronm\''{u}ller, H. and F\''{a}hnle, M.},
title     = {Micromagnetism and the microstructure of ferromagnetic solids},
publisher = {Cambridge University Press},
address   = {Cambridge},
year      = {2003},
}

@article    {Labonte1969,
title     = {Two-dimensional {B}loch-type domain walls in ferromagnetic films},
author    = {LaBonte, A. E.},
journal   = {J. Appl. Phys.},
volume    = {40},
number    = {6},
pages     = {2450--2458},
year      = {1969},
DOI       = {10.1063/1.1658014},
url       = {https://dx.doi.org/10.1063/1.1658014},
//publisher = {AIP},
}

@article    {Landau1935,
title     = {On the theory of the dispersion of magnetic permeability in ferromagnetic bodies	},
author    = {Landau, L. D. and Lifshitz, E.},
journal   = {Phys. Z. Sowjetunion},
volume    = {8},
number    = {153},
year      = {1935},
pages     = {101--114},
}

@article    {Larrasoana2007,
title     = {Diagenetic formation of greigite and pyrrhotite in gas hydrate marine sedimentary systems},
author    = {Larrasoa{\~n}a, J. C. and Roberts, A. P. and Musgrave, R. J. and Gr{\`a}cia, E. and Pi{\~n}ero, E. and Vega, M. and Mart{\'\i}nez-Ruiz, F.},
journal   = {Earth Planet. Sci. Lett.},
volume    = {261},
number    = {3},
year      = {2007},
pages     = {350--366},
DOI       = {10.1016/j.epsl.2007.06.032},
url       = {https://dx.doi.org/10.1016/j.epsl.2007.06.032},
//publisher = {Elsevier},
}

@article    {Lefevre2011,
author    = {Lef{\`e}vre, C. T. and Menguy, N. and Abreu, F. and Lins, U. and P{\'o}sfai, M. and Prozorov, T. and Pignol, D. and Frankel, R. B. and Bazylinski, D. A.},
title     = {A cultured greigite-producing magnetotactic bacterium in a novel group of sulfate-reducing bacteria},
journal   = {Science},
volume    = {334},
number    = {6063},
year      = {2011},
pages     = {1720--1723},
DOI       = {10.1126/science.1212596},
url       = {https://dx.doi.org/10.1126/science.1212596},
//publisher = {American Association for the Advancement of Science},
}

@article    {Li2014,
title     = {High-purity {F}e$_\text{3}${S}$_\text{4}$ greigite microcrystals for magnetic and electrochemical performance},
author    = {Li, G. and Zhang, B. and Yu, F. and Novakova, A. A. and Krivenkov, M. S. and Kiseleva, T. Y. and Chang, L. and Rao, J. and Polyakov, A. O. and Blake, G. R. and de Groot, R. A. and Palstra, T. T. M.},
journal   = {Chem. Mater.},
volume    = {26},
number    = {20},
year      = {2014},
pages     = {5821--5829},
DOI       = {10.1021/cm501493m},
url       = {https://dx.doi.org/10.1021/cm501493m},
//publisher = {ACS Publications},
}

@article    {Liu1999,
author    = {Liu, Q. and Liu, S.},
title     = {Magnetic and mineralogical characteristics of reservoir rocks in the {Y}akela oil field, northern {T}arim {B}asin and their implications for magnetic detection of oil and gas accumulations},
journal   = {Chin. Sci. Bull.},
volume    = {4},
number    = {2},
pages     = {174--177},
year      = {1999},
}

@article    {Liu2004,
author    = {Liu, Q. and Chan, L. and Liu, Q. and Li, H. and Wang, F. and Zhang, S. and Xia, X. and Cheng, T.},
title     = {A study of relationship between magnetic, geochemical and mineralogical anomalies and hydrocarbon microseepage above oil and gas fields, {O}rdos {B}asin in {C}hina},
journal   = {AAPG Bull.},
volume    = {88},
number    = {2},
pages     = {241--251},
year      = {2004},
}

@article    {Liu2006,
author    = {Liu, Q. and Liu, Q. and Chan, L. and Yang, T. and Xia, X. and Cheng, T.},
title     = {Magnetic enhancement caused by hydrocarbon migration in the {M}awangmiao Oil Field, {J}ianghan Basin, {C}hina},
journal   = {J. Petrol. Sci. Eng.},
volume    = {53},
number    = {1},
pages     = {25--33},
year      = {2006},
DOI       = {10.1016/j.petrol.2006.01.010},
url       = {https://dx.doi.org/10.1016/j.petrol.2006.01.010},
}

@article    {Machel1991,
author    = {Machel, H. G. and Burton, E. A.},
title     = {Chemical and microbial processes causing anomalous magnetization in environments affected by hydrocarbon seepage},
journal   = {Geophysics},
volume    = {56},
number    = {5},
pages     = {598--605},
year      = {1991},
DOI       = {10.1190/1.1443076},
url       = {https://dx.doi.org/10.1190/1.1443076},
}

@article    {Mann1990,
author    = {Mann, S. and Sparks, N. H. C. and Frankel, R. B. and Bazylinski, D. A. and Jannasch, H. W.},
title     = {Biomineralization of ferrimagnetic greigite ($\text{Fe}_\text{3}\text{S}_\text{4}$) and iron pyrite ({F}e{S}$_2$) in a magnetotactic bacterium},
journal   = {Nature},
volume    = {343},
number    = {6255},
year      = {1990},
pages     = {258--261},
DOI       = {10.1038/343258a0},
url       = {https://dx.doi.org/10.1038/343258a0},
//publisher = {Nature Publishing Group},
}

@article    {McNab1968,
title     = {Some magnetic properties of magnetite ($\text{Fe}_\text{3}\text{O}_\text{4}$) microcrystals},
author    = {McNab, T. K. and Fox, R. A. and Boyle, A. J. F.},
journal   = {J. Appl. Phys.},
volume    = {39},
number    = {12},
pages     = {5703--5711},
year      = {1968},
DOI       = {10.1063/1.1656035},
url       = {https://dx.doi.org/10.1063/1.1656035},
//publisher = {AIP Publishing},
}

@article    {May1981,
title     = {Were Compasses used in Antiquity?},
author    = {May, W. E.},
journal   = {J. Navigation},
volume    = {34},
number    = {3},
year      = {1981},
pages     = {414–-423},
DOI       = {10.1017/S0373463300048037},
url       = {https://dx.doi.org/10.1017/S0373463300048037},
//publisher = {Cambridge University Press},
}

@article    {Maxwell1861,
title     = {X{XV}. {O}n physical lines of force: Part {I}.--{T}he theory of molecular vortices applied to magnetic phenomena},
author    = {Maxwell, J. C.},
journal   = {Philos. Mag.},
volume    = {21},
number    = {139},
pages     = {161--175},
year      = {1861},
//publisher = {Taylor \& Francis}
}

@article    {Mayergoyz1986,
title     = {Mathematical models of hysteresis},
author    = {Mayergoyz, I.},
journal   = {IEEE T. Magn.},
volume    = {22},
number    = {5},
pages     = {603--608},
year      = {1986},
DOI       = {10.1109/TMAG.1986.1064347},
url       = {https://dx.doi.org/10.1109/TMAG.1986.1064347},
//publisher = {IEEE},
}

@article    {Moon1984,
title     = {The magnetic moments of non-uniformly magnetized grains},
author    = {Moon, T. and Merrill, R. T.},
journal   = {Phys. Earth Planet. Inter.},
volume    = {34},
number    = {3},
pages     = {186--194},
year      = {1984},
DOI       = {10.1016/0031-9201(84)90006-2},
url       = {https://dx.doi.org/10.1016/0031-9201(84)90006-2},
//publisher = {Elsevier},
}

@article    {Moskowitz1979,
title     = {Grain size limits for pseudosingle domain behavior in magnetite: {I}mplications for paleomagnetism},
author    = {Moskowitz, B. and Banerjee, S.},
journal   = {IEEE Trans. Magn.},
volume    = {15},
number    = {5},
pages     = {1241--1246},
year      = {1979},
DOI       = {10.1109/TMAG.1979.1060319},
url       = {https://dx.doi.org/10.1109/TMAG.1979.1060319},
//publisher = {IEEE},
}

@article    {Muxworthy1999,
title     = {Micromagnetic models of pseudo-single domain grains of magnetite near the Verwey transition},
author    = {Muxworthy, A. R. and Williams, W.},
journal   = {J. Geophys. Res.},
volume    = {104},
number    = {B12},
pages     = {29203--29217},
year      = {1999},
DOI       = {10.1029/1999JB900294},
url       = {https://dx.doi.org/10.1029/1999JB900294},
//publisher = {Wiley Online Library},
}

@article    {Muxworthy2002,
title     = {First-order reversal curve (FORC) diagrams for pseudo-single-domain magnetites at high temperature},
author    = {Muxworthy, A. R. and Dunlop, D. J.},
journal   = {Earth Planet. Sci. Lett.},
volume    = {203},
number    = {1},
pages     = {369--382},
year      = {2002},
DOI       = {10.1016/S0012-821X(02)00880-4},
url       = {https://dx.doi.org/10.1016/S0012-821X(02)00880-4},
//publisher={Elsevier},
}

@article    {Muxworthy2003,
author    = {Muxworthy, A. R. and Williams, W. and Virdee, D.},
title     = {Effect of magnetostatic interactions on the hysteresis parameters of single-domain and pseudo-single-domain grains},
journal   = {J. Geophys. Res},
volume    = {108},
number    = {B11},
year      = {2003},
DOI       = {10.1029/2003JB002588},
url       = {https://dx.doi.org/10.1029/2003JB002588},
}

@article    {Muxworthy2004,
title     = {Influence of magnetostatic interactions on first-order-reversal-curve ({FORC}) diagrams: a micromagnetic approach},
author    = {Muxworthy, A. R. and Heslop, D. and Williams, W.},
journal   = {Geophys. J. Int.},
volume    = {158},
number    = {3},
pages     = {888--897},
year      = {2004},
DOI       = {10.1111/j.1365-246X.2004.02358.x},
url       = {https://dx.doi.org/10.1111/j.1365-246X.2004.02358.x},
//publisher = {Oxford University Press},
}

@article    {Muxworthy2005,
title     = {Magnetostatic interaction fields in first-order-reversal-curve diagrams},
author    = {Muxworthy, A. R. and Williams, W.},
journal   = {J. Appl. Phys.},
volume    = {97},
number    = {6},
pages     = {063905},
year      = {2005},
DOI       = {10.1063/1.1861518},
url       = {https://dx.doi.org/10.1063/1.1861518},
//publisher={AIP},
}

@article    {Muxworthy2005B,
title     = {Assessing the ability of first-order reversal curve ({FORC}) diagrams to unravel complex magnetic signals},
author    = {Muxworthy, A. R. and King, J. G. and Heslop, D.},
journal   = {J. Geophys. Res.},
volume    = {110},
number    = {B1},
year      = {2005},
DOI       = {10.1029/2004JB003195},
url       = {https://dx.doi.org/10.1029/2004JB003195},
//publisher={Wiley Online Library},
}

@article    {Muxworthy2006,
title     = {Critical single-domain/multidomain grain sizes in noninteracting and interacting elongated magnetite particles: {I}mplications for magnetosomes},
author    = {Muxworthy, A. R. and Williams, W.},
journal   = {J. Geophys. Res.},
volume    = {111},
number    = {B12},
year      = {2006},
pages     = {},
DOI       = {10.1029/2006JB004588},
url       = {https://dx.doi.org/10.1029/2006JB004588},
//publisher = {American Geophysical Union},
}

@article    {Muxworthy2006B,
title     = {Magnetic hysteresis properties of interacting and noninteracting micron-sized magnetite produced by electron beam lithography},
author    = {Muxworthy, A. R. and King, J. G. and Odling, N.},
journal   = {Geochem. Geophys. Geosyst.},
volume    = {7},
number    = {7},
year      = {2006},
DOI       = {10.1029/2006GC001309},
url       = {https://dx.doi.org/10.1029/2006GC001309},
//publisher={Wiley Online Library},
}

@article    {Muxworthy2013,
title     = {Critical single domain grain sizes in chains of interacting greigite particles: {I}mplications for magnetosome crystals},
author    = {Muxworthy, A. R. and Williams, W. and Roberts, A. P. and Winklhofer, M. and Chang, L. and P{\'o}sfai, M.},
journal   = {Geochem. Geophys. Geosyst.},
volume    = {14},
number    = {2},
year      = {2013},
pages     = {5430--5441},
DOI       = {10.1002/2013GC004973},
url       = {https://dx.doi.org/10.1002/2013GC004973},
//publisher = {American Geophysical Union},
}

@article    {Nagata1943,
title     = {The natural remanent magnetization of sedimentary rocks},
author    = {Nagata, T. and Harada, Y. and Hirao, K.},
journal   = {Bull. Earthquake Res. Inst. Tokyo Univ.},
volume    = {31},
pages     = {276--296},
year      = {1943},
}

@phdthesis  {Nagy2016,
title     = {Parallelisation of micromagnetic simulations},
author    = {Nagy, L.},
school    = {University of Edinburgh},
year      = {2016},
//pages     = {},
//DOI       = {},
//number    = {},
//publisher = {},
}

@article    {Nagy2017,
title     = {Stability of equidimensional pseudo-single domain magnetite over billion-year timescales},
author    = {Nagy, L. and Williams, W. and Muxworthy, A. R. and Fabian, K. and Almeida, T. P. and {\'O} Conbhu{\'i}, P. and Shcherbakov, V. P.},
year      = {2017},
journal   = {P. Natl. Acad. Sci. USA},
volume    = {114},
number    = {39},
pages     = {10356--10360},
DOI       = {10.1073/pnas.1708344114},
url       = {https://dx.doi.org/10.1073/pnas.1708344114 },
//publisher = {United States National Academy of Sciences},
}

@article    {Neel1949,
title     = {Th{\'e}orie du tra{\^{i}}nage magn{\'e}tique des ferromagn{\'e}tiques en grains fins avex applications aux terres cuites},
author    = {N{\'e}el, L.},
journal   = {Ann. Geophys.},
volume    = {5},
year      = {1949},
pages     = {99--136},
}

@article    {Neel1955,
title     = {Some theoretical aspects of rock-magnetism},
author    = {N{\'e}el, L.},
journal   = {Adv. Phys.},
volume    = {4},
number    = {14},
year      = {1955},
pages     = {191--243},
DOI       = {10.1080/00018735500101204},
url       = {https://dx.doi.org/10.1080/00018735500101204},
//publisher = {Taylor \& Francis},
}

@article    {Newell2005,
title     = {A high-precision model of first-order reversal curve ({FORC}) functions for single-domain ferromagnets with uniaxial anisotropy},
author    = {Newell, A. J.},
journal   = {Geochem. Geophys. Geosyst.},
volume    = {6},
number    = {5},
year      = {2005},
DOI       = {10.1029/2004GC000877},
url       = {https://dx.doi.org/10.1029/2004GC000877},
//publisher = {Wiley Online Library},
}

@article    {OConbhui2017,
title     = {{MERRILL: Micromagnetic Earth Related Robust Interpreted Language Laboratory}},
author    = {\'O Conbhu\'i, P. and Williams, W. and Fabian, K. and Ridley, P. and Nagy, L. and Muxworthy, A. R.},
year      = {2018},
note      = {. Submitted to Geochem. Geophys. Geosyst.},
//journal   = {},
//volume    = {},
//number    = {},
//DOI       = {},
//url       = {},
//publisher = {Wiley Online Library},
}

@article    {Pike1999,
title     = {Characterizing interactions in fine magnetic particle systems using first order reversal curves},
author    = {Pike, C. R. and Roberts, A. P. and Verosub, K. L.},
journal   = {J. Appl. Phys.},
volume    = {85},
number    = {9},
pages     = {6660--6667},
year      = {1999},
DOI       = {10.1063/1.370176},
url       = {https://dx.doi.org/10.1063/1.370176},
//publisher={AIP},
}

@article    {Pike1999B,
title     = {An investigation of magnetic reversal in submicron-scale {Co} dots using first order reversal curve diagrams},
author    = {Pike, C. and Fernandez, A.},
journal   = {J. Appl. Phys.},
volume    = {85},
number    = {9},
pages     = {6668--6676},
year      = {1999},
DOI       = {10.1063/1.370177},
url       = {https://dx.doi.org/10.1063/1.370177},
//publisher = {AIP},
}

@article    {Pike2001,
title     = {An investigation of multi-domain hysteresis mechanisms using {FORC} diagrams},
author    = {Pike, C. R. and Roberts, A. P. and Dekkers, M. J. and Verosub, K. L.},
journal   = {Phys. Earth Planet. Inter.},
volume    = {126},
number    = {1},
pages     = {11--25},
year      = {2001},
DOI       = {10.1016/S0031-9201(01)00241-2},
url       = {https://dx.doi.org/10.1016/S0031-9201(01)00241-2},
//publisher={Elsevier},
}

@article    {Pike2005,
title     = {First-order reversal curve diagram analysis of a perpendicular nickel nanopillar array},
author    = {Pike, C. R. and Ross, C. A. and Scalettar, R. T. and Zimanyi, G.},
journal   = {Phys. Rev. B},
volume    = {71},
number    = {13},
pages     = {134407},
year      = {2005},
DOI       = {10.1103/PhysRevB.71.134407},
url       = {https://doi.org/10.1103/PhysRevB.71.134407},
//publisher={APS},
}

@article    {Proenca2017,
author    = {Proenca, M. P. and Sousa, C. T. and Ventura, J. and Garcia, J. and Vazquez, M. and Araujo, J. P.},
title     = {Identifying weakly-interacting single domain states in {Ni} nanowire arrays by {FORC}},
journal   = {J. Alloy. Compd.},
volume    = {699},
number    = {C},
pages     = {421--429},
year      = {2017},
DOI       = {10.1016/j.jallcom.2016.12.340},
url       = {https://dx.doi.org/10.1016/j.jallcom.2016.12.340},
//publisher = {Elsevier},
}

@article    {Rave1998,
title     = {Corners and nucleation in micromagnetics},
author    = {Rave, W. and Ramst{\"o}ck, K. and Hubert, A.},
journal   = {J. Magn. Magn. Mater.},
volume    = {183},
number    = {3},
year      = {1998},
pages     = {329--333},
DOI       = {10.1016/S0304-8853(97)01086-X},
url       = {https://dx.doi.org/10.1016/S0304-8853(97)01086-X},
//publisher = {Elsevier},
}

@inproceedings {Reynolds1993,
title        = {Sulfidization and magnetization above hydrocarbon reservoirs},
author       = {Reynolds, R. L. and Goldhaber, M. B. and Tuttle, M. L.},
booktitle    = {Applications of Paleomagnetism to Sedimentary Geology},
editor       = {A{\"i}ssaoui, D. M. and McNeill, D. F. and Hurley, N. F.},
series       = {SEPM Special Publication},
number       = {49},
pages        = {167--179},
address	     = {Tulsa, Oklahoma, U.S.A.},
organization = {SEPM (Society for Sedimentary Geology)},
publisher    = {SEPM (Society for Sedimentary Geology)},
year         = {1993},
month        = {September},
}

@article       {Reynolds1994,
title        = {Magnetization and geochemistry of greigite-bearing {C}retaceous strata, {N}orth {S}lope {B}asin, {A}laska},
author       = {Reynolds, R. L. and Tuttle, M. L. and Rice, C. A. and Fishman, N. S. and Karachewski, J. A. and Sherman, D. M.},
journal      = {Am. J. Sci.},
volume       = {294},
number       = {4},
pages        = {485--528},
year         = {1994},
DOI          = {10.2475/ajs.294.4.485},
url          = {https://dx.doi.org/10.2475/ajs.294.4.485},
}

@article       {Reynolds1999,
title        = {Greigite ({F}e3{S}4) as an indicator of drought--{T}he 1912--1994 sediment magnetic record from {W}hite {R}ock {L}ake, {D}allas, {T}exas, {USA}},
author       = {Reynolds, R. L. and Rosenbaum, J. G. and van Metre, P. and Tuttle, M. L. and Callender, E. and Goldin, A.},
journal      = {J. Paleolimnol.},
volume       = {21},
number       = {2},
pages        = {193--206},
year         = {1999},
DOI          = {10.1023/A:1008027815203},
url          = {https://dx.doi.org/10.1023/A:1008027815203},
//publisher = {Springer},
}

@article    {Rhodes1954,
author    = {Rhodes, P. and Rowlands, G.},
title     = {Demagnetising energies of uniformly magnetised rectangular blocks},
journal   = {Proc. Leeds Phil. Lit. Soc., Sci. Sect.},
volume    = {6},
pages     = {191--210},
year      = {1954},
}

@article    {Roberts1993,
title     = {Diagenetic formation of ferrimagnetic iron sulphide minerals in rapidly deposited marine sediments, {S}outh {I}sland, {N}ew {Z}ealand},
author    = {Roberts, A. P. and Turner, G. M.},
journal   = {Earth Planet. Sci. Lett.},
volume    = {115},
number    = {1},
year      = {1993},
pages     = {257--273},
DOI       = {10.1016/0012-821X(93)90226-Y},
url       = {https://dx.doi.org/10.1016/0012-821X(93)90226-Y},
//publisher = {Elsevier},
}

@article    {Roberts2000,
title     = {First-order reversal curve diagrams: {A} new tool for characterizing the magnetic properties of natural samples},
author    = {Roberts, A. P. and Pike, C. R. and Verosub, K. L.},
journal   = {J. Geophys. Res.},
volume    = {105},
number    = {B12},
pages     = {28461--28475},
year      = {2000},
DOI       = {10.1029/2000JB900326},
url       = {https://dx.doi.org/10.1029/2000JB900326},
//publisher={Wiley Online Library},
}

@article    {Roberts2005,
title     = {Multiple mechanisms of remagnetization involving sedimentary greigite ($\text{Fe}_\text{3}\text{S}_\text{4}$)},
author    = {Roberts, A. P. and Weaver, R.},
journal   = {Earth Planet. Sci. Lett.},
volume    = {231},
number    = {3},
pages     = {263--277},
year      = {2005},
DOI       = {10.1016/j.epsl.2004.11.024},
url       = {https://dx.doi.org/10.1016/j.epsl.2004.11.024},
//publisher = {Elsevier},
}

@article    {Roberts2006,
title     = {Characterization of hematite ($\alpha$-{Fe$_2$O$_3$}), goethite ($\alpha$-{FeOOH}), greigite ({Fe$_3$S$_4$}), and pyrrhotite ({Fe$_7$S$_8$}) using first-order reversal curve diagrams},
author    = {Roberts, A. P. and Liu, Q. and Rowan, C. J. and Chang, L. and Carvallo, C. and Torrent, J. and Horng, C.},
journal   = {J. Geophys. Res.},
volume    = {111},
number    = {B12},
year      = {2006},
DOI       = {10.1029/2006JB004715},
url       = {https://dx.doi.org/10.1029/2006JB004715},
//publisher={Wiley Online Library},
}

@article    {Roberts2010,
title     = {Complex polarity pattern at the former {P}lio--{P}leistocene global stratotype section at {V}rica ({I}taly): {R}emagnetization by magnetic iron sulphides},
author    = {Roberts, A. P. and Florindo, F. and Larrasoa{\~n}a, J. C. and O'Regan, M. A. and Zhao, X.},
journal   = {Earth Planet. Sci. Lett.},
volume    = {292},
number    = {1},
pages     = {98--111},
year      = {2010},
DOI       = {10.1016/j.epsl.2010.01.025},
url       = {https://dx.doi.org/10.1016/j.epsl.2010.01.025},
//publisher={Elsevier},
}

@article    {Roberts2011,
title     = {Magnetic properties of sedimentary greigite ($\text{Fe}_\text{3}\text{S}_\text{4}$): An update},
author    = {Roberts, A. P. and Chang, L. and Rowan, C. J. and Horng, C. -S. and Florindo, F.},
journal   = {Rev. Geophys.},
volume    = {49},
number    = {1},
year      = {2011},
DOI       = {10.1029/2010RG000336},
url       = {https://dx.doi.org/10.1029/2010RG000336},
//pages     = {},
//publisher = {American Geophysical Union},
}

@article    {Roberts2014,
title     = {Understanding fine magnetic particle systems through use of first-order reversal curve diagrams},
author    = {Roberts, A. P and Heslop, D. and Zhao, X. and Pike, C. R.},
journal   = {Rev. Geophys.},
volume    = {52},
number    = {4},
pages     = {557--602},
year      = {2014},
DOI       = {10.1002/2014RG000462},
url       = {https://dx.doi.org/10.1002/2014RG000462},
//publisher={Wiley Online Library}
}

@article    {Roberts2015,
title     = {Magnetic mineral diagenesis},
author    = {Roberts, A. P.},
journal   = {Earth Sci. Rev.},
volume    = {151},
pages     = {1--47},
year      = {2015},
DOI       = {10.1016/j.earscirev.2015.09.010},
url       = {https://dx.doi.org/10.1016/j.earscirev.2015.09.010},
//publisher = {Elsevier},
}

@article    {Roberts2017,
title     = {Resolving the origin of pseudo-single domain magnetic behavior},
author    = {Roberts, A. P. and Almeida, T. P. and Church, N. S. and Harrison, R. J. and Helsop, D. and Li, Y. and Li, J. and Muxworthy, A. R. and Williams, W and Zhao, X.},
year      = {2017},
journal   = {J. Geophys. Res.},
DOI       = {10.1002/2017JB014860},
url       = {https://dx.doi.org/10.1002/2017JB014860},
//publisher = {American Geophysical Union},
}

@article    {Ron2007,
title     = {Greigite detected as dominating remanence carrier in {L}ate {P}leistocene sediments, {L}isan formation, from {L}ake {K}inneret ({S}ea of {G}alilee), {I}srael},
author    = {Ron, H. and Nowaczyk, N. R. and Frank, U. and Schwab, M. J. and Naumann, R. and Striewski, B. and Agnon, A.},
journal   = {Geophys. J. Int.},
volume    = {170},
number    = {1},
year      = {2007},
pages     = {117--131},
DOI       = {10.1111/j.1365-246X.2007.03425.x},
url       = {https://dx.doi.org/10.1111/j.1365-246X.2007.03425.x},
//publisher = {Oxford University Press},
}

@article    {Rowan2006,
author    = {Rowan, C. J. and Roberts, A. P.},
title     = {Magnetite dissolution, diachronous greigite formation, and secondary magnetizations from pyrite oxidation: {U}nravelling complex magnetizations in {N}eogene marine sediments from {N}ew {Z}ealand},
journal   = {Earth Planet. Sci. Lett.},
volume    = {241},
number    = {1},
year      = {2006},
pages     = {119--137},
DOI       = {10.1016/j.epsl.2005.10.017},
url       = {https://dx.doi.org/10.1016/j.epsl.2005.10.017},
//publisher = {Elsevier},
}

@article    {Rowan2009,
title     = {Reductive diagenesis, magnetite dissolution, greigite growth and paleomagnetic smoothing in marine sediments: {A} new view},
author    = {Rowan, C. J. and Roberts, A. P. and Broadbent, T.},
journal   = {Earth Planet. Sci. Lett.},
volume    = {277},
number    = {1},
pages     = {223--235},
year      = {2009},
DOI       = {10.1016/j.epsl.2008.10.016},
url       = {https://dx.doi.org/10.1016/j.epsl.2008.10.016},
//publisher = {Elsevier},
}

@phdthesis  {Scholz,
author    = {Scholz, W.},
title     = {Scalable parallel micromagnetic solvers for magnetic nanostructures},
school    = {Technischen Universit{\"a}t Wien},
year      = {2003},
}

@article    {Skinner1964,
title     = {Greigite, the thio-spinel of iron; a new mineral},
author    = {Skinner, B. J. and Erd, R. C. and Grimaldi, F. S.},
journal   = {Am. Mineral.},
volume    = {49},
number    = {5--6},
pages     = {543--555},
year      = {1964},
}

@article    {Smirnov2006,
title     = {Low-temperature magnetic properties of magnetite using first-order reversal curve analysis: {I}mplications for the pseudo-single-domain state},
author    = {Smirnov, A. V.},
journal   = {Geochemistry, Geophysics, Geosystems},
volume    = {7},
number    = {11},
year      = {2006},
DOI       = {10.1029/2006GC001397},
url       = {https://dx.doi.org/10.1029/2006GC001397},
//publisher={Wiley Online Library},
}

@article    {Snowball1997,
title     = {Gyroremanent magnetization and the magnetic properties of greigite-bearing clays in southern {S}weden},
author    = {Snowball, I. F.},
journal   = {Geophys. J. Int.},
volume    = {129},
number    = {3},
year      = {1997},
pages     = {624--636},
DOI       = {10.1111/j.1365-246X.1997.tb04498.x},
url       = {https://dx.doi.org/10.1111/j.1365-246X.1997.tb04498.x},
//publisher = {Oxford University Press},
}

@article    {Stapper1969,
title     = {Micromagnetic solutions for ferromagnetic spheres},
author    = {Stapper, C. H.},
journal   = {J. Appl. Phys.},
volume    = {40},
number    = {2},
pages     = {798--802},
year      = {1969},
DOI       = {10.1063/1.1657466},
url       = {https://dx.doi.org/10.1063/1.1657466},
//publisher = {AIP},
}

@article    {Stoner1948,
title     = {A mechanism of magnetic hysteresis in heterogeneous alloys},
author    = {Stoner, E. C. and Wohlfarth, E. P.},
journal   = {Philos. T. R. Soc. A.},
volume    = {240},
number    = {826},
pages     = {599--642},
year      = {1948},
DOI       = {},
url       = {https://www.jstor.org/stable/91421},
//publisher = {JSTOR},
}

@article    {Suess2002,
author    = {Suess, D. and Tsiantos, V. and Schrefl, T. and Fidler, J. and Scholz, W. and Forster, H. and Dittrich, R. and Miles, J. J.},
title     = {Time resolved micromagnetics using a preconditioned time integration method},
journal   = {J. Magn. Magn. Mater.},
volume    = {248},
pages     = {298--311},
year      = {2002},
DOI       = {10.1016/S0304-8853(02)00341-4},
url       = {https://doi.org/10.1016/S0304-8853(02)00341-4},
}

@article    {Sweeney1973,
title     = {Pyrite framboid formation; laboratory synthesis and marine sediments},
author    = {Sweeney, R. E. and Kaplan, I. R.},
journal   = {Econ. Geol.},
volume    = {68},
number    = {5},
pages     = {618--634},
year      = {1973},
DOI       = {10.2113/gsecongeo.68.5.618},
url       = {https://dx.doi.org/10.2113/gsecongeo.68.5.618},
//publisher = {SecG},
}

@article    {Thellier1938,
title     = {Sur l'aimantation des terres cuites et ses applications g{\'e}ophysique},
author    = {Thellier, E.},
journal   = {Ann. Inst. Phys. Globe Univ. Paris},
volume    = {16},
pages     = {157--302},
year      = {1938},
}

@article    {Usov1997,
title     = {Theoretical hysteresis loops for single-domain particles with cubic anisotropy},
author    = {Usov, N. A. and Peschany, S. E.},
journal   = {J. Magn. Magn. Mat.},
volume    = {174},
number    = {3},
year      = {1997},
pages     = {247--260},
DOI       = {10.1016/S0304-8853(97)00180-7},
url       = {https://doi.org/10.1016/S0304-8853(97)00180-7},
//publisher = {Elsevier},
}

@article    {ValdezGrijalva2017,
title     = {First-order reversal curve ({FORC}) diagrams of nanomagnets with cubic magnetocrystalline anisotropy},
author    = {Valdez-Grijalva, M. A. and Muxworthy, A. R.},
note      = {. Submitted to J. Magn. Magn. Mater.},
year      = {2017},
//journal   = {},
//volume    = {},
//number    = {},
//pages     = {},
//DOI       = {},
//url       = {},
//publisher = {},
}

@article    {ValdezGrijalva2017B,
title     = {The magnetic structure and palaeomagnetic recording fidelity of sub-micron greigite ($\text{Fe}_\text{3}\text{S}_\text{4}$)},
author    = {Valdez-Grijalva, M. A. and Nagy, L. and Muxworthy, A. R. and Williams, W. and Fabian, K.},
year      = {2018},
journal   = {Earth Planet. Sci. Lett.},
volume    = {483},
pages     = {76--89},
DOI       = {10.1016/j.epsl.2017.12.015},
url       = {https://dx.doi.org/10.1016/j.epsl.2017.12.015},
//number    = {},
//publisher = {Elsevier},
}

@article    {ValdezGrijalva2018,
title     = {Magnetic vortex effects on first-order reversal curve ({FORC}) diagrams for greigite dispersions},
author    = {Valdez-Grijalva, M. A. and Muxworthy, A. R. and Williams, W. and \'O Conbhu\'i, P. and Nagy, L.  and Roberts, A. P. and Heslop, D.},
note      = {. Submitted to Earth Planet. Sci. Lett.},
year      = {2018},
//journal   = {},
//volume    = {},
//number    = {},
//pages     = {},
//DOI       = {},
//url       = {},
//publisher = {},
}

@article    {Vasiliev2008,
title     = {Putative greigite magnetofossils from the {P}liocene epoch},
author    = {Vasiliev, I. and Franke, C. and Meeldijk, J. D. and Dekkers, M. J. and Langereis, C. G. and Krigjsman, W.},
journal   = {Nat. Geosci.},
volume    = {1},
number    = {11},
year      = {2008},
pages     = {782--786},
DOI       = {10.1038/ngeo335},
url       = {https://dx.doi.org/10.1038/ngeo335},
//publisher = {Nature Publishing Group},
}

@article    {Walker1993,
title     = {The magnetic properties of single-domain particles with cubic anisotropy. {I}. {H}ysteresis loops},
author    = {Walker, M. and Mayo, P. I. and O'Grady, K. and Charles, S. W. and Chantrell, R. W.},
journal   = {J. Phys.: Condens. Matter},
volume    = {5},
number    = {17},
pages     = {2779},
year      = {1993},
DOI       = {10.1088/0953-8984/5/17/012},
url       = {https://dx.doi.org/10.1088/0953-8984/5/17/012},
//publisher = {IOP Publishing},
}

@misc       {Wang2010,
title     = {The {C}urie temperature and exchange energy between two sublattices in half-metallic greigite {Fe}$_3${S}$_4$},
author    = {Wang, J. and Cao, S. H. and Wu, W. and Zhao, G. M.},
note      = {{a}rXiv:1012.2364 [cond-mat.str-el]},
year      = {2010},
url       = {https://arxiv.org/abs/1012.2364},
//volume    = {},
//pages     = {},
//DOI       = {},
//number    = {},
//publisher = {},
}

@article    {Weiss1906,
title     = {La variation du ferromagn{\'e}tisme avec la temp{\'e}rature},
author    = {Weiss, P.},
journal   = {C. R. Hebd. Acad. Sci.},
volume    = {143},
pages     = {1136--1139},
year      = {1906},
}

@article    {Wilkin1996,
title     = {Pyrite formation by reactions of iron monosulfides with dissolved inorganic and organic sulfur species},
author    = {Wilkin, R. T. and Barnes, H. L.},
journal   = {Geochim. Cosmochim. Ac.},
volume    = {60},
number    = {21},
pages     = {4167--4179},
year      = {1996},
DOI       = {10.1016/S0016-7037(97)81466-4},
url       = {https://dx.doi.org/10.1016/S0016-7037(97)81466-4},
//publisher = {Elsevier},
}

@article    {Wilkin1997,
title     = {Formation processes of framboidal pyrite},
author    = {Wilkin, R. T. and Barnes, H. L.},
journal   = {Geochim. Cosmochim. Ac.},
volume    = {61},
number    = {2},
pages     = {323--339},
year      = {1997},
DOI       = {10.1016/S0016-7037(96)00320-1},
url       = {https://dx.doi.org/10.1016/S0016-7037(96)00320-1},
//publisher={Elsevier},
}

@article    {Williams1989,
author    = {Williams, W. and Dunlop, D. J.},
title     = {Three-dimensional micromagnetic modelling of ferromagnetic domain structure},
journal   = {Nature},
volume    = {337},
number    = {6208},
pages     = {634--637},
year      = {1989},
DOI       = {10.1038/337634a0},
url       = {https://dx.doi.org/10.1038/337634a0},
}

@article    {Williams1998,
title     = {High-resolution micromagnetic models of fine grains of magnetite},
author    = {Williams, W. and Wright, T. M.},
journal   = {J. Geophys. Res.},
volume    = {103},
number    = {B12},
pages     = {30537--30550},
year      = {1998},
DOI       = {10.1029/98JB01120},
url       = {https://dx.doi.org/10.1029/98JB01120},
//publisher = {Wiley Online Library},
}

@article    {Williams2006,
title     = {Configurational anisotropy in single-domain and pseudosingle-domain grains of magnetite},
author    = {Williams, W. and Muxworthy, A. R. and Patterson, G. A.},
journal   = {J. Geophys. Res.},
volume    = {111},
number    = {B12},
year      = {2006},
DOI       = {10.1029/2006JB004556},
url       = {https://dx.doi.org/10.1029/2006JB004556},
//pages   = {},
//publisher = {American Geophysical Union},
}

@article    {Williams2010,
author    = {Williams, W. and Evans, M. E. and Kr\'{a}sa, D.},
title     = {Micromagnetics of paleomagnetically significant mineral grains with complex morphology},
journal   = {Geochem. Geophys. Geosyst.},
volume    = {11},
number    = {2},
year      = {2010},
DOI       = {10.1029/2009GC002828},
url       = {https://dx.doi.org/10.1029/2009GC002828},
}

@article    {Winklhofer2014,
title     = {On the magnetocrystalline anisotropy of greigite ($\text{Fe}_\text{3}\text{S}_\text{4}$)},
author    = {Winklhofer, M. and Chang, L. and Eder, S. H. K.},
journal   = {Geochem. Geophys. Geosyst.},
volume    = {15},
number    = {4},
year      = {2014},
pages     = {1558--1579},
DOI       = {10.1002/2013GC005121},
url       = {https://dx.doi.org/10.1002/2013GC005121},
//publisher = {American Geophysical Union},
}

@article    {Witt2005,
title     = {Three-dimensional micromagnetic calculations for naturally shaped magnetite: octahedra and magnetosomes},
author    = {Witt, A. and Fabian, K. and Bleil, U.},
journal   = {Earth Planet. Sci. Lett.},
volume    = {233},
number    = {3},
year      = {2005},
pages     = {311--324},
DOI       = {10.1016/j.epsl.2005.01.043},
url       = {https://dx.doi.org/10.1016/j.epsl.2005.01.043},
//publisher = {Elsevier},
}

@article    {Wright1997,
author    = {Wright, T. M. and Williams, W. and Dunlop, D. J.},
title     = {An improved algorithm for micromagnetics},
journal   = {J. Geophys. Res.},
volume    = {102},
number    = {B6},
pages     = {12085--12094},
year      = {1997},
DOI       = {10.1029/96JB03628},
url       = {https://dx.doi.org/10.1029/96JB03628},
}

@article    {Yamazaki2008,
title     = {Magnetostatic interactions in deep-sea sediments inferred from first-order reversal curve diagrams: {I}mplications for relative paleointensity normalization},
author    = {Yamazaki, T.},
journal   = {Geochem. Geophys. Geosyst.},
volume    = {9},
number    = {2},
year      = {2008},
DOI       = {10.1029/2007GC001797},
url       = {https://dx.doi.org/10.1016/10.1029/2007GC001797},
//publisher={Wiley Online Library},
}

@article    {Zhao2017,
title     = {Magnetic domain state diagnosis using hysteresis reversal curves},
author    = {Zhao, X. and Roberts, A. P. and Heslop, D. and Paterson, G. A. and Li, Y. and Li, J.},
journal   = {J. Geophys. Res.},
year      = {2017},
DOI       = {10.1002/2016JB013683},
url       = {https://dx.doi.org/10.1002/2016JB013683},
//publisher = {American Geophysical Union},
}

@article    {Zhu1988,
title     = {Micromagnetic studies of thin metallic films},
author    = {Zhu, J. G. and Bertram, H. N.},
journal   = {J. Appl. Phys.},
volume    = {63},
number    = {8},
pages     = {3248--3253},
year      = {1988},
DOI       = {10.1063/1.341167},
url       = {https://dx.doi.org/10.1063/1.341167},
//publisher = {AIP},
}

